@Book{wagenknecht2015formale,
title={Formale Sprachen, abstrakte Automaten und Compiler: Lehr- und Arbeitsbuch f{\"u}r Grundstudium und Fortbildung},
author={Wagenknecht, C. and Hielscher, M.},
isbn={9783658026929},
url={https://books.google.de/books?id=S1OEBgAAQBAJ},
year={2015},
publisher={Springer Fachmedien Wiesbaden}
}
@misc{Wieichle28:online,
author = {Karsten Hohmeier},
title = {Wie ich lernte, die Zustandsmaschinen zu lieben | IT-Talents},
howpublished = {\url{https://www.it-talents.de/blog/gastbeitraege/wie-ich-lernte-die-zustandsmaschinen-zu-lieben}},
month = {Juli},
year = {2014},
note = {(gespeichert am 06/04/2017)}
}

@misc{Definiti95:online,
author = {Springer Gabler Verlag},
title = {Definition » Compiler « | Gabler Wirtschaftslexikon},
howpublished = {\url{http://wirtschaftslexikon.gabler.de/Definition/compiler.html}},
month = {},
year = {},
note = {(gespeichert am 05/13/2017)}
}

@misc{Informat77:online,
author = {},
title = {Informatik - Endliche Automaten - Einführung},
howpublished = {\url{http://www.hsg-kl.de/faecher/inf/material/automaten/einf/index.php}},
month = {},
year = {},
note = {(gespeichert am 06/03/2017)}
}

@misc{Microsof39:online,
author = {Matthias Withopf},
title = {Microsoft öffnet .Net-Compiler mit Roslyn | iX},
howpublished = {\url{https://www.heise.de/ix/artikel/Scheibenweise-1475294.html}},
month = {},
year = {},
note = {(gespeichert am 06/03/2017)}
}

@misc{CundVisu6:online,
author = {Alex Turner},
title = {C\# und Visual Basic – Verwenden von Roslyn zum Erstellen eines Live-Codeanalysemoduls für Ihre API},
howpublished = {\url{https://msdn.microsoft.com/de-de/magazine/dn879356.aspx}},
month = {},
year = {},
note = {(gespeichert am 06/03/2017)}
}

@misc{DieSprache95:online,
author = {Marcellus Buchheit},
title = {Die Sprache C\# im Detail},
howpublished = {\url{https://msdn.microsoft.com/de-de/library/bb979023.aspx}},
month = {},
year = {},
note = {(gespeichert am 06/03/2017)}
}

@misc{Informat96:online,
author = {},
title = {Informatik - Compiler - Parser},
howpublished = {\url{http://www.hsg-kl.de/faecher/inf/compiler/parser/}},
month = {},
year = {},
note = {(gespeichert am 06/03/2017)}
}

@misc{Scanners90:online,
author = {},
title = {Scanners (Compiler Writing) Part 1},
howpublished = {\url{http://what-when-how.com/compiler-writing/scanners-compiler-writing-part-1/}},
month = {},
year = {},
note = {(gespeichert am 06/03/2017)}
}

@misc{ChomskyH80:online,
author = {Tino Hempel},
title = {Chomsky-Hierarchie},
howpublished = {\url{http://tinohempel.de/info/info/ti/chomsky.htm}},
month = {},
year = {},
note = {(gespeichert am 06/03/2017)}
}

@misc{sprachen76:online,
author = {},
title = {sprachen.pdf},
howpublished = {\url{http://www.informatik.uni-leipzig.de/~der/Vorlesungen/DIV/sprachen.pdf}},
month = {},
year = {},
note = {(gespeichert am 06/03/2017)}
}

@misc{Grenzene89:online,
author = {Tino Hempel},
title = {Grenzen endlicher Automaten},
howpublished = {\url{http://tinohempel.de/info/info/ti/grenzen.htm}},
month = {},
year = {},
note = {(gespeichert am 06/03/2017)}
}

@misc{Determin62:online,
author = {},
title = {Deterministischer Endlicher Automat - BTWiki},
howpublished = {\url{https://wwwmath.uni-muenster.de/logik/Personen/Schulz/BETHWIKI/index.php/Deterministischer_Endlicher_Automat}},
month = {},
year = {},
note = {(gespeichert am 06/03/2017)}
}

@misc{Automate44:online,
author = {},
title = {Automatentheorie - Konstruktion eines DFA aus einem NFA},
howpublished = {\url{http://www.hsg-kl.de/faecher/inf/material/automaten/nfa2dfa/index.php}},
month = {},
year = {},
note = {(gespeichert am 06/03/2017)}
}

@misc{Roslynim91:online,
author = {Rainer Stropek},
title = {Roslyn im Entwickleralltag - entwickler.de},
howpublished = {\url{https://entwickler.de/online/roslyn-im-entwickleralltag-162472.html}},
month = {Juni},
year = {2014},
note = {(gespeichert am 05/28/2017)}
}

@misc{JavaMehr18:online,
author = {Burkhard Müller},
title = {Java: Mehr Sicherheit durch das Sandbox-Prinzip-PC-WELT},
howpublished = {\url{https://www.pcwelt.de/ratgeber/Java-Mehr-Sicherheit-durch-das-Sandbox-Prinzip-383671.html}},
month = {April},
year = {2003},
note = {(gespeichert am 05/27/2017)}
}

@misc{ITBranch6:online,
author = {Leonie Seifert},
title = {IT-Branche: Gute Aussichten | ZEIT ONLINE},
howpublished = {\url{http://www.zeit.de/2015/44/it-branche-job-aussichten}},
month = {},
year = {},
note = {(gespeichert am 05/13/2017)}
}

@misc{Microsoft:online,
author = {Holger Schwichtenberg},
title = {Microsoft: .NET wird komplett Open Source | heise Developer},
howpublished = {\url{https://www.heise.de/developer/meldung/Microsoft-NET-wird-komplett-Open-Source-2452033.html}},
month = {November},
year = {2014},
note = {(gespeichert am 05/13/2017)}
}
@misc{Endliche13:online,
author = {Christoph Tornau},
title = {Endliche Automaten und regul\"are Grammatiken ::: Theoretische Informatik},
howpublished = {\url{http://www.informatikseite.de/theorie/node50.php}},
month = {},
year = {},
note = {(gespeichert am 05/27/2017)}
}

@misc{Roslyn:online,
author = {},
title = {Roslyn Overview dotnet/roslyn Wiki},
howpublished = {\url{https://github.com/dotnet/roslyn/wiki/Roslyn-Overview#syntax-trees}},
month = {},
year = {},
note = {(gespeichert am 05/13/2017)}
}
